@Article{Einstein,
  author =       "Albert Einstein",
  title =        "{Zur Elektrodynamik bewegter K{\"o}rper}. ({German})
                 [{On} the electrodynamics of moving bodies]",
  journal =      "Annalen der Physik",
  volume =       "322",
  number =       "10",
  pages =        "891--921",
  year =         "1905",
  DOI =          "http://dx.doi.org/10.1002/andp.19053221004"
} 

@inproceedings{Florian:2003:NER:1119176.1119201,
 author = {Florian, Radu and Ittycheriah, Abe and Jing, Hongyan and Zhang, Tong},
 title = {Named Entity Recognition Through Classifier Combination},
 booktitle = {Proceedings of the Seventh Conference on Natural Language Learning at HLT-NAACL 2003 - Volume 4},
 series = {CONLL '03},
 year = {2003},
 location = {Edmonton, Canada},
 pages = {168--171},
 numpages = {4},
 url = {https://doi.org/10.3115/1119176.1119201},
 doi = {10.3115/1119176.1119201},
 acmid = {1119201},
 publisher = {Association for Computational Linguistics},
 address = {Stroudsburg, PA, USA},
} 

@inproceedings{Chieu:2003:NER:1119176.1119199,
 author = {Chieu, Hai Leong and Ng, Hwee Tou},
 title = {Named Entity Recognition with a Maximum Entropy Approach},
 booktitle = {Proceedings of the Seventh Conference on Natural Language Learning at HLT-NAACL 2003 - Volume 4},
 series = {CONLL '03},
 year = {2003},
 location = {Edmonton, Canada},
 pages = {160--163},
 numpages = {4},
 url = {https://doi.org/10.3115/1119176.1119199},
 doi = {10.3115/1119176.1119199},
 acmid = {1119199},
 publisher = {Association for Computational Linguistics},
 address = {Stroudsburg, PA, USA},
} 

@inproceedings{Klein:2003:NER:1119176.1119204,
 author = {Klein, Dan and Smarr, Joseph and Nguyen, Huy and Manning, Christopher D.},
 title = {Named Entity Recognition with Character-level Models},
 booktitle = {Proceedings of the Seventh Conference on Natural Language Learning at HLT-NAACL 2003 - Volume 4},
 series = {CONLL '03},
 year = {2003},
 location = {Edmonton, Canada},
 pages = {180--183},
 numpages = {4},
 url = {https://doi.org/10.3115/1119176.1119204},
 doi = {10.3115/1119176.1119204},
 acmid = {1119204},
 publisher = {Association for Computational Linguistics},
 address = {Stroudsburg, PA, USA},
} 

@inproceedings{McCallum:2003:ERN:1119176.1119206,
 author = {McCallum, Andrew and Li, Wei},
 title = {Early Results for Named Entity Recognition with Conditional Random Fields, Feature Induction and Web-enhanced Lexicons},
 booktitle = {Proceedings of the Seventh Conference on Natural Language Learning at HLT-NAACL 2003 - Volume 4},
 series = {CONLL '03},
 year = {2003},
 location = {Edmonton, Canada},
 pages = {188--191},
 numpages = {4},
 url = {https://doi.org/10.3115/1119176.1119206},
 doi = {10.3115/1119176.1119206},
 acmid = {1119206},
 publisher = {Association for Computational Linguistics},
 address = {Stroudsburg, PA, USA},
} 

@article{DBLP:journals/corr/MaH16,
  author    = {Xuezhe Ma and
               Eduard H. Hovy},
  title     = {End-to-end Sequence Labeling via Bi-directional LSTM-CNNs-CRF},
  journal   = {CoRR},
  volume    = {abs/1603.01354},
  year      = {2016},
  url       = {http://arxiv.org/abs/1603.01354},
  timestamp = {Wed, 07 Jun 2017 14:41:05 +0200},
  biburl    = {http://dblp.uni-trier.de/rec/bib/journals/corr/MaH16},
  bibsource = {dblp computer science bibliography, http://dblp.org}
}

@article{DBLP:journals/corr/ChiuN15,
  author    = {Jason P. C. Chiu and
               Eric Nichols},
  title     = {Named Entity Recognition with Bidirectional LSTM-CNNs},
  journal   = {CoRR},
  volume    = {abs/1511.08308},
  year      = {2015},
  url       = {http://arxiv.org/abs/1511.08308},
  timestamp = {Wed, 07 Jun 2017 14:40:21 +0200},
  biburl    = {http://dblp.uni-trier.de/rec/bib/journals/corr/ChiuN15},
  bibsource = {dblp computer science bibliography, http://dblp.org}
}

@article{NOTHMAN2013151,
title = "Learning multilingual named entity recognition from Wikipedia",
journal = "Artificial Intelligence",
volume = "194",
number = "Supplement C",
pages = "151 - 175",
year = "2013",
note = "Artificial Intelligence, Wikipedia and Semi-Structured Resources",
issn = "0004-3702",
doi = "https://doi.org/10.1016/j.artint.2012.03.006",
url = "http://www.sciencedirect.com/science/article/pii/S0004370212000276",
author = "Joel Nothman and Nicky Ringland and Will Radford and Tara Murphy and James R. Curran",
keywords = "Named entity recognition",
keywords = "Information extraction",
keywords = "Wikipedia",
keywords = "Semi-structured resources",
keywords = "Annotated corpora",
keywords = "Semi-supervised learning"
}